<record><leader>00000cas a22000007a 4500</leader><controlfield tag="001">15644023</controlfield><controlfield tag="008">870507d18781879wiudn ne      0    0ger d</controlfield><datafield ind1=" " ind2=" " tag="010"><subfield code="a">sn 87082468 </subfield></datafield><datafield ind1=" " ind2=" " tag="040"><subfield code="a">NPV</subfield><subfield code="b">eng</subfield><subfield code="c">NPV</subfield><subfield code="d">OCLCQ</subfield></datafield><datafield ind1=" " ind2=" " tag="042"><subfield code="a">msc</subfield></datafield><datafield ind1="0" ind2=" " tag="130"><subfield code="a">Vorwa&#776;rts (Milwaukee, Wis. : 1878 : Daily)</subfield></datafield><datafield ind1="1" ind2="0" tag="245"><subfield code="a">Vorwa&#776;rts.</subfield></datafield><datafield ind1="3" ind2="0" tag="246"><subfield code="a">Vorw&#230;rts</subfield></datafield><datafield ind1="3" ind2="0" tag="246"><subfield code="a">Vorwa&#776;rts, Milwaukee'r Socialist</subfield></datafield><datafield ind1=" " ind2=" " tag="260"><subfield code="a">Milwaukee, Wis. :</subfield><subfield code="b">H. Sigel,</subfield><subfield code="c">1878-</subfield></datafield><datafield ind1=" " ind2=" " tag="300"><subfield code="a">v.</subfield></datafield><datafield ind1=" " ind2=" " tag="310"><subfield code="a">Daily (except Sunday)</subfield></datafield><datafield ind1="0" ind2=" " tag="362"><subfield code="a">17. Aug. 1878-3. Sept. 1878; Jahrg. 3, no. 842 (4. Sept. 1878)-</subfield></datafield><datafield ind1="1" ind2=" " tag="362"><subfield code="a">Ceased in Jan. 1879?</subfield><subfield code="z">Cf. Arndt, K.J.R. &amp; Olsen, M.E. German Language Press of the Americas.</subfield></datafield><datafield ind1=" " ind2=" " tag="752"><subfield code="a">United States</subfield><subfield code="b">Wisconsin</subfield><subfield code="c">Milwaukee</subfield><subfield code="d">Milwaukee.</subfield></datafield><datafield ind1=" " ind2=" " tag="752"><subfield code="a">United States</subfield><subfield code="b">Wisconsin</subfield><subfield code="c">Washington</subfield><subfield code="d">Milwaukee.</subfield></datafield><datafield ind1="0" ind2="0" tag="780"><subfield code="t">Milwaukee'r Socialist</subfield><subfield code="w">(DLC)sn 87082469</subfield></datafield></record>